%% References from Results from Prior section not included in bibliography.

@article{shobe2017space,
	Author = {Shobe, Charles M and Tucker, Gregory E and Barnhart, Katherine R},
	Date-Added = {2020-10-25 16:56:02 -0600},
	Date-Modified = {2020-10-25 16:56:02 -0600},
	Journal = {Geoscientific Model Development},
	Number = {12},
	Pages = {4577--4604},
	Publisher = {Copernicus GmbH},
	Title = {The SPACE 1.0 model: a Landlab component for 2-D calculation of sediment transport, bedrock erosion, and landscape evolution},
	Volume = {10},
	Year = {2017}}

@article{hobley2017creative,
	Author = {Hobley, Daniel EJ and Adams, Jordan M and Nudurupati, Sai Siddhartha and Hutton, Eric WH and Gasparini, Nicole M and Istanbulluoglu, Erkan and Tucker, Gregory E},
	Date-Added = {2020-10-25 16:55:55 -0600},
	Date-Modified = {2020-10-25 16:55:55 -0600},
	Journal = {Earth Surface Dynamics},
	Number = {1},
	Pages = {21},
	Publisher = {Copernicus GmbH},
	Title = {Creative computing with Landlab: an open-source toolkit for building, coupling, and exploring two-dimensional numerical models of Earth-surface dynamics},
	Volume = {5},
	Year = {2017}}

@article{gray2017off,
	Author = {Gray, Harrison J and Shobe, Charles M and Hobley, Daniel EJ and Tucker, Gregory E and Duvall, Alison R and Harbert, Sarah A and Owen, Lewis A},
	Date-Added = {2020-10-25 16:55:47 -0600},
	Date-Modified = {2020-10-25 16:55:47 -0600},
	Journal = {Geology},
	Number = {1},
	Pages = {59--62},
	Publisher = {Geological Society of America},
	Title = {Off-fault deformation rate along the southern San Andreas fault at Mecca Hills, southern California, inferred from landscape modeling of curved drainages},
	Volume = {46},
	Year = {2017}}

@article{pelletier2017way,
	Author = {Pelletier, Jon D and Barron-Gafford, Greg A and Guttierez-Jurado, Hugo and Hinckley, Eve-Lyn S and Istanbulluoglu, Erkan and McGuire, Luke A and Niu, Guo-Yue and Poulos, Michael J and Rasmussen, Craig and Richardson, Paul and Swetnam, Tyson L and Tucker, Greg E},
	Date-Added = {2020-10-25 16:55:39 -0600},
	Date-Modified = {2020-10-25 16:55:39 -0600},
	Journal = {Earth Surface Processes and Landforms},
	Publisher = {Wiley Online Library},
	Title = {Which way do you lean? Using slope aspect variations to understand Critical Zone processes and feedbacks},
	Year = {2017}}

@article{tucker2016celllab,
	Author = {Tucker, Gregory E and Hobley, Daniel EJ and Hutton, Eric and Gasparini, Nicole M and Istanbulluoglu, Erkan and Adams, Jordan M and Nudurupati, Sai Siddartha},
	Date-Added = {2020-10-25 16:55:25 -0600},
	Date-Modified = {2020-10-25 16:55:25 -0600},
	Doi = {10.5194/gmd-9-823-2016},
	Journal = {Geoscientific Model Development},
	Number = {2},
	Pages = {823--839},
	Publisher = {Copernicus GmbH},
	Title = {{CellLab-CTS 2015: continuous-time stochastic cellular automaton modeling using Landlab}},
	Volume = {9},
	Year = {2016},
	Bdsk-Url-1 = {https://doi.org/10.5194/gmd-9-823-2016}}

@article{tucker2018lattice,
	Author = {Tucker, Gregory E and McCoy, Scott W and Hobley, Daniel EJ},
	Date-Added = {2020-10-25 16:55:22 -0600},
	Date-Modified = {2020-10-25 16:55:22 -0600},
	Doi = {10.5194/esurf-6-563-2018},
	Journal = {Earth Surface Dynamics},
	Number = {3},
	Pages = {563--582},
	Publisher = {Copernicus GmbH},
	Title = {A lattice grain model of hillslope evolution},
	Volume = {6},
	Year = {2018},
	Bdsk-Url-1 = {https://doi.org/10.5194/esurf-6-563-2018}}

@article{strauch2018hydroclimatological,
	Author = {Strauch, Ronda and Istanbulluoglu, Erkan and Nudurupati, Sai Siddhartha and Bandaragoda, Christina and Gasparini, Nicole M and Tucker, Gregory E},
	Date-Added = {2020-10-25 16:55:13 -0600},
	Date-Modified = {2020-10-25 16:55:13 -0600},
	Journal = {Earth Surface Dynamics},
	Number = {1},
	Title = {A hydroclimatological approach to predicting regional landslide probability using Landlab.},
	Volume = {6},
	Year = {2018}}

@article{langston2018developing,
	Author = {Langston, Abigail L and Tucker, Gregory E},
	Date-Added = {2020-10-25 16:55:01 -0600},
	Date-Modified = {2020-10-25 16:55:01 -0600},
	Journal = {Earth Surface Dynamics},
	Number = {1},
	Pages = {1--27},
	Publisher = {Copernicus GmbH},
	Title = {Developing and exploring a theory for the lateral erosion of bedrock channels for use in landscape evolution models},
	Volume = {6},
	Year = {2018}}

@article{phuong2019automated,
	Author = {Phuong, Jimmy and Bandaragoda, Christina and Istanbulluoglu, Erkan and Beveridge, Claire and Strauch, Ronda and Setiawan, Landung and Mooney, Sean D},
	Date-Added = {2020-10-25 16:54:52 -0600},
	Date-Modified = {2020-10-25 16:54:52 -0600},
	Journal = {Environmental Modelling \& Software},
	Pages = {119--130},
	Publisher = {Elsevier},
	Title = {Automated retrieval, preprocessing, and visualization of gridded hydrometeorology data products for spatial-temporal exploratory analysis and intercomparison},
	Volume = {116},
	Year = {2019}}

@article{reitman2019offset,
	Author = {Reitman, Nadine G and Mueller, Karl J and Tucker, Gregory E and Gold, Ryan D and Briggs, Richard W and Barnhart, Katherine R},
	Date-Added = {2020-10-25 16:54:44 -0600},
	Date-Modified = {2020-10-25 16:54:44 -0600},
	Journal = {Journal of Geophysical Research: Solid Earth},
	Number = {12},
	Pages = {13427--13451},
	Publisher = {Wiley Online Library},
	Title = {Offset Channels May Not Accurately Record Strike-Slip Fault Displacement: Evidence From Landscape Evolution Models},
	Volume = {124},
	Year = {2019}}

@article{glade2019canyon,
	Author = {Glade, Rachel C and Shobe, Charles M and Anderson, Robert S and Tucker, Gregory E},
	Date-Added = {2020-10-25 16:54:37 -0600},
	Date-Modified = {2020-10-25 16:54:37 -0600},
	Journal = {Geology},
	Number = {7},
	Pages = {650--654},
	Publisher = {Geological Society of America},
	Title = {Canyon shape and erosion dynamics governed by channel-hillslope feedbacks},
	Volume = {47},
	Year = {2019}}

@article{tucker2020modeling,
	Author = {Tucker, Gregory E and Hobley, Daniel and McCoy, Scott W and Struble, Will T},
	Date-Added = {2020-10-25 16:54:27 -0600},
	Date-Modified = {2020-10-25 16:54:27 -0600},
	Doi = {10.1029/2019JF005305},
	Journal = {Journal of Geophysical Research: Earth Surface},
	Number = {3},
	Publisher = {American Geophysical Union (AGU)},
	Title = {Modeling the shape and evolution of normal-fault facets},
	Volume = {125},
	Year = {2020},
	Bdsk-Url-1 = {https://doi.org/10.1029/2019JF005305}}

@article{pfeiffer2020networksedimenttransporter,
	Author = {Pfeiffer, Allison M and Barnhart, Katherine R and Czuba, Jonathan A and Hutton, Eric W H},
	Date-Added = {2020-10-25 16:54:17 -0600},
	Date-Modified = {2020-10-25 16:54:17 -0600},
	Journal = {Journal of Open Source Software},
	Number = {53},
	Pages = {2341},
	Title = {NetworkSedimentTransporter: A Landlab component for bed material transport through river networks},
	Volume = {5},
	Year = {2020}}

@article{lyons2020speciesevolver,
	Author = {Lyons, Nathan and Albert, James and Gasparini, Nicole},
	Date-Added = {2020-10-25 16:54:10 -0600},
	Date-Modified = {2020-10-25 16:54:10 -0600},
	Journal = {Journal of Open Source Software},
	Number = {46},
	Pages = {2066},
	Title = {SpeciesEvolver: A Landlab component to evolve life in simulated landscapes},
	Volume = {5},
	Year = {2020}}

@article{litwin2020groundwaterdupuitpercolator,
	Author = {Litwin, David G and Tucker, Gregory E and Barnhart, Katherine R and Harman, Ciaran J},
	Date-Added = {2020-10-25 16:54:02 -0600},
	Date-Modified = {2020-10-25 16:54:02 -0600},
	Journal = {Journal of Open Source Software},
	Number = {46},
	Pages = {1935},
	Title = {GroundwaterDupuitPercolator: A Landlab component for groundwater flow},
	Volume = {5},
	Year = {2020}}

@article{carriere2020impact,
	Author = {Carriere, Alexandra and Le Bouteiller, Caroline and Tucker, Gregory E and Klotz, Sebastien and Naaim, Mohamed},
	Date-Added = {2020-10-25 16:53:28 -0600},
	Date-Modified = {2020-10-25 16:53:28 -0600},
	Journal = {Earth Surface Processes and Landforms},
	Number = {5},
	Pages = {1085--1099},
	Publisher = {Wiley Online Library},
	Title = {Impact of vegetation on erosion: Insights from the calibration and test of a landscape evolution model in alpine badland catchments},
	Volume = {45},
	Year = {2020}}

@article{adams2017landlab,
	Author = {Adams, Jordan M and Gasparini, Nicole M and Hobley, Daniel EJ and Tucker, Gregory E and Hutton, Eric WH and Nudurupati, Sai S and Istanbulluoglu, Erkan},
	Date-Added = {2020-10-25 16:52:51 -0600},
	Date-Modified = {2020-10-25 16:52:51 -0600},
	Journal = {Geoscientific Model Development},
	Number = {4},
	Pages = {1645},
	Publisher = {Copernicus GmbH},
	Title = {The Landlab v1. 0 OverlandFlow component: a Python tool for computing shallow-water flow across watersheds},
	Volume = {10},
	Year = {2017}}

@article{bandaragoda2019enabling,
	Author = {Bandaragoda, Christina and Castronova, A and Istanbulluoglu, Erkan and Strauch, Ronda and Nudurupati, Sai S and Phuong, Jimmy and Adams, JM and Gasparini, Nicole M and Barnhart, K and Hutton, Eric WH and Hobley, Daniel and Lyons, N and Tucker, G and Tarboton, D and Isaszak, R and Wang, S},
	Date-Added = {2020-10-25 16:52:39 -0600},
	Date-Modified = {2020-10-25 16:52:39 -0600},
	Doi = {https://doi.org/10.4211/hs.fdc3a06e6ad842abacfa5b896df73a76},
	Journal = {Environmental Modelling \& Software},
	Pages = {104424},
	Publisher = {Elsevier},
	Title = {Enabling collaborative numerical modeling in earth sciences using knowledge infrastructure},
	Volume = {120},
	Year = {2019},
	Bdsk-Url-1 = {https://doi.org/10.4211/hs.fdc3a06e6ad842abacfa5b896df73a76}}

@article{barnhart2020short,
	Author = {Barnhart, K. R. and Hutton, E. W. H. and Tucker, G. E. and Gasparini, N. M. and Istanbulluoglu, E. and Hobley, D. E. J. and Lyons, N. J. and Mouchene, M. and Nudurupati, S. S. and Adams, J. M. and Bandaragoda, C.},
	Date-Added = {2020-10-25 16:52:28 -0600},
	Date-Modified = {2020-10-25 16:52:28 -0600},
	Doi = {10.5194/esurf-8-379-2020},
	Journal = {Earth Surface Dynamics},
	Number = {2},
	Pages = {379--397},
	Title = {Short communication: Landlab v2.0: a software package for Earth surface dynamics},
	Url = {https://www.earth-surf-dynam.net/8/379/2020/},
	Volume = {8},
	Year = {2020},
	Bdsk-Url-1 = {https://www.earth-surf-dynam.net/8/379/2020/},
	Bdsk-Url-2 = {https://doi.org/10.5194/esurf-8-379-2020}}

@article{barnhart2020inverting3,
	Author = {Barnhart, Katherine R and Tucker, Gregory E and Doty, Sandra and Shobe, Charles M and Glade, Rachel C and Rossi, Matthew W and Hill, Mary C},
	Date-Added = {2020-10-25 16:52:25 -0600},
	Date-Modified = {2020-10-25 16:52:25 -0600},
	Journal = {Journal of Geophysical Research: Earth Surface},
	Pages = {e2019JF005287},
	Publisher = {Wiley Online Library},
	Title = {Inverting topography for landscape evolution model process representation: Part 3, Determining parameter ranges for select mature geomorphic transport laws and connecting changes in fluvial erodibility to changes in climate},
	Year = {2020}}

@article{barnhart2020inverting2,
	Author = {Barnhart, Katherine R and Tucker, Gregory E and Doty, Sandra and Shobe, Charles M and Glade, Rachel C and Rossi, Matthew W and Hill, Mary C},
	Date-Added = {2020-10-25 16:52:23 -0600},
	Date-Modified = {2020-10-25 16:52:23 -0600},
	Journal = {Journal of Geophysical Research: Earth Surface},
	Pages = {e2018JF004963},
	Publisher = {Wiley Online Library},
	Title = {Inverting topography for landscape evolution model process representation: Part 2, calibration and validation},
	Year = {2020}}

@article{barnhart2020inverting1,
	Author = {Barnhart, Katherine R and Tucker, Gregory E and Doty, Sandra and Shobe, Charles M and Glade, Rachel C and Rossi, Matthew W and Hill, Mary C},
	Date-Added = {2020-10-25 16:52:20 -0600},
	Date-Modified = {2020-10-25 16:52:20 -0600},
	Journal = {Journal of Geophysical Research: Earth Surface},
	Pages = {e2018JF004961},
	Publisher = {Wiley Online Library},
	Title = {Inverting topography for landscape evolution model process representation: Part 1, conceptualization and sensitivity analysis},
	Year = {2020}}

@article{barnhart2019umami,
	Author = {Barnhart, Katherine R and Hutton, Eric and Tucker, Gregory E},
	Date-Added = {2020-10-25 16:52:16 -0600},
	Date-Modified = {2020-10-25 16:52:16 -0600},
	Doi = {https://doi.org/10.21105/joss.01776},
	Journal = {Journal of Open Source Software},
	Number = {42},
	Pages = {1776},
	Title = {umami: A Python package for Earth surface dynamics objective function construction},
	Volume = {4},
	Year = {2019},
	Bdsk-Url-1 = {https://doi.org/10.21105/joss.01776}}

@article{barnhart2019terrainbento,
	Author = {Katherine R Barnhart and Rachel C Glade and Charles M Shobe and Gregory E Tucker},
	Date-Added = {2020-10-25 16:52:13 -0600},
	Date-Modified = {2020-10-25 16:52:13 -0600},
	Journal = {Geoscientific Model Development Discussions},
	Title = {terrainbento 1.0: a Python package for multi-model analysis in long-term drainage basin evolution},
	Year = {2019}}

@article{barnhart2018lithology,
	Author = {Barnhart, Katherine R and Hutton, Eric and Gasparini, Nicole M and Tucker, Gregory E},
	Date-Added = {2020-10-25 16:52:10 -0600},
	Date-Modified = {2020-10-25 16:52:10 -0600},
	Doi = {https://doi.org/10.21105/joss.00979},
	Journal = {Journal of Open Source Software},
	Number = {30},
	Pages = {979},
	Title = {Lithology: A Landlab submodule for spatially variable rock properties},
	Volume = {3},
	Year = {2018},
	Bdsk-Url-1 = {https://doi.org/10.21105/joss.00979}}

@article{auad2018dynamic,
  title={A dynamic management framework for socio-ecological system stewardship: A case study for the United States Bureau of Ocean Energy Management},
  author={Auad, Guillermo and Blythe, Jonathan and Coffman, Kim and Fath, Brian D},
  journal={Journal of environmental management},
  volume={225},
  pages={32--45},
  year={2018},
  publisher={Elsevier}
}

@article{chen2019quantifying,
  title={Quantifying sediment storage on the floodplains outside levees along the lower Yellow River during the years 1580--1849},
  author={Chen, Yunzhen and Overeem, Irina and Kettner, Albert J and Gao, Shu and Syvitski, James PM and Wang, Yuanjian},
  journal={Earth Surface Processes and Landforms},
  volume={44},
  number={2},
  pages={581--594},
  year={2019},
  publisher={Wiley Online Library}
}

@article{chen2020position,
  title={Position paper: Open web-distributed integrated geographic modelling and simulation to enable broader participation and applications},
  author={Chen, Min and Voinov, Alexey and Ames, Daniel P and Kettner, Albert J and Goodall, Jonathan L and Jakeman, Anthony J and Barton, Michael and Harpham, Quillon and Cuddy, Susan M and DeLuca, Cecelia and Yue, Songshan and Wang, Jin and Zhang, Fengyuan and Wen, Yongning and L\"u, Guonian},
  journal={Earth-Science Reviews},
  pages={103223},
  year={2020},
  publisher={Elsevier}
}

@article{dunn2019projections,
  title={Projections of declining fluvial sediment delivery to major deltas worldwide in response to climate change and anthropogenic stress},
  author={Dunn, Frances E and Darby, Stephen E and Nicholls, Robert J and Cohen, Sagy and Zarfl, Christiane and Fekete, Bal{\'a}zs M},
  journal={Environmental Research Letters},
  volume={14},
  number={8},
  pages={084034},
  year={2019},
  publisher={IOP Publishing}
}

@article{duvall2020river,
  title={River patterns reveal two stages of landscape evolution at an oblique convergent margin, Marlborough Fault System, New Zealand},
  author={Duvall, Alison R and Harbert, Sarah A and Upton, Phaedra and Tucker, Gregory E and Flowers, Rebecca M and Collett, Camille},
  journal={Earth Surface Dynamics},
  volume={8},
  number={1},
  pages={177--194},
  year={2020},
  publisher={Copernicus GmbH}
}

@article{elsawah2020eight,
  title={Eight grand challenges in socio-environmental systems modeling},
  author={Elsawah, Sondoss and Filatova, Tatiana and Jakeman, Anthony J and Kettner, Albert J and Zellner, Moira L and Athanasiadis, Ioannis N and Hamilton, Serena H and Axtell, Robert L and Brown, Daniel G and Gilligan, Jonathan M and Janssen, Marco A and Robinson, Derek T and Rozenbert, Julie and Ullah, Isaac I T and Lade, Steve J},
  journal={Socio-Environmental Systems Modelling},
  volume={2},
  pages={16226--16226},
  year={2020}
}

@article{harvey2019hydrologic,
  title={How hydrologic connectivity regulates water quality in river corridors},
  author={Harvey, Jud and Gomez-Velez, Jesus and Schmadel, Noah and Scott, Durelle and Boyer, Elizabeth and Alexander, Richard and Eng, Ken and Golden, Heather and Kettner, Albert and Konrad, Chris and Moore, Richard and Pizzuto, Jim and Schwarz, Greg and Soulsby, Chris and Choi, Jay},
  journal={JAWRA Journal of the American Water Resources Association},
  volume={55},
  number={2},
  pages={369--381},
  year={2019},
  publisher={Wiley Online Library}
}

@article{hutton2020basic,
  doi = {10.21105/joss.02317},
  url = {https://doi.org/10.21105/joss.02317},
  year = 2020,
  publisher = {The Open Journal},
  volume = 5,
  number = 51,
  pages = 2317,
  author = {Eric W. H. Hutton and Mark D. Piper and Gregory E. Tucker},
  title = {The Basic Model Interface 2.0: A standard interface for coupling numerical models in the geosciences},
  journal = {Journal of Open Source Software}
}

@article{jamison2020hurricane,
author = {Jamison-Todd, Sarah and Stein, Nathan and Overeem, Irina and Khalid, Arslaan and Trower, Elizabeth J.},
title = {Hurricane Deposits on Carbonate Platforms: A Case Study of Hurricane Irma Deposits on Little Ambergris Cay, Turks and Caicos Islands},
journal = {Journal of Geophysical Research: Earth Surface},
volume = {125},
number = {8},
pages = {e2020JF005597},
keywords = {hurricane, carbonate platform, sedimentology, flow conditions},
doi = {10.1029/2020JF005597},
url = {https://agupubs.onlinelibrary.wiley.com/doi/abs/10.1029/2020JF005597},
eprint = {https://agupubs.onlinelibrary.wiley.com/doi/pdf/10.1029/2020JF005597},
note = {e2020JF005597 2020JF005597},
year = {2020}
}

@article{kettner2018can,
    author={Kettner, Albert and Overeem, Irina and Tucker, Gregory},
    year=2018,
    title={Can We Build Useful Models of Future Risk from Natural Hazards?},
    journal={Eos},
    volume=99,
    doi={10.1029/2018EO105239}
}

@article{kettner2019push,
    author={Kettner, Albert and Schumann, Guy and Tellman, Beth},
    year=2019,
    title={The Push Toward Local Flood Risk Assessment at a Global Scale},
    journal={Eos},
    volume=100,
    doi={10.1029/2019EO113857}
}

@article{lintern2019providing,
  title={Providing multidisciplinary scientific advice for coastal planning in Kitimat Arm, British Columbia},
  author={Lintern, Gwyn and Blais-Stevens, Andr{\'e}e and Stacey, Cooper and Shaw, John and Bobrowsky, Peter and Conway, Kim and Huntley, David and Mackillop, Kevin and Overeem, Irina and Scherwath, Martin},
  journal={Geological Society, London, Special Publications},
  volume={477},
  number={1},
  pages={567--581},
  year={2019},
  publisher={Geological Society of London}
}

@article{molliex2019simulating,
  title={Simulating sediment supply from the Congo watershed over the last 155 ka},
  author={Molliex, St{\'e}phane and Kettner, Albert J and Laurent, Dimitri and Droz, Laurence and Marsset, Tania and Laraque, Alain and Rabineau, Marina and N'Kaya, Guy D Moukandi},
  journal={Quaternary Science Reviews},
  volume={203},
  pages={38--55},
  year={2019},
  publisher={Elsevier}
}

@article{overeem2018modeling,
  title={A modeling toolbox for permafrost landscapes},
  author={Overeem, Irina and Jafarov, Elchin and Wang, Kang and Schaefer, Kevin and Stewart, Scott and Clow, Gary and Piper, Mark and Elshorbany, Yasin},
  journal={Eos, Transactions American Geophysical Union (Online)},
  volume={99},
  number={LA-UR-18-20806},
  year={2018},
  publisher={Los Alamos National Lab.(LANL), Los Alamos, NM (United States)}
}

@article{perignon2020dominant,
  title={Dominant process zones in a mixed fluvial-tidal delta are morphologically distinct.},
  author={Perignon, Mariela and Adams, Jordan and Overeem, Irina and Passalacqua, Paola},
  journal={Earth Surface Dynamics},
  volume={8},
  number={3},
  pages={809--809},
  year={2020},
  publisher={Copernicus GmbH}
}

@article{ratliff2018exploring,
  title={Exploring wave and sea-level rise effects on delta morphodynamics with a coupled river-ocean model},
  author={Ratliff, Katherine M and Hutton, Eric HW and Murray, A Brad},
  journal={Journal of Geophysical Research: Earth Surface},
  volume={123},
  number={11},
  pages={2887--2900},
  year={2018},
  publisher={Wiley Online Library}
}

@article{rossi2020orographic,
  title={Orographic Controls on Subdaily Rainfall Statistics and Flood Frequency in the Colorado Front Range, USA},
  author={Rossi, Matthew W and Anderson, Robert S and Anderson, Suzanne P and Tucker, Gregory E},
  journal={Geophysical Research Letters},
  volume={47},
  number={4},
  pages={e2019GL085086},
  year={2020},
  publisher={Wiley Online Library}
}

@article{schwalm2019divergence,
  title={Divergence in land surface modeling: linking spread to structure},
  author={Schwalm, Christopher R and Schaefer, Kevin and Fisher, Joshua B and Huntzinger, Deborah and Elshorbany, Yasin and Fang, Yuanyuan and Hayes, Daniel and Jafarov, Elchin and Michalak, Anna M and Piper, Mark and Stofferahn, Eric and Wang, Kang and Wei, Yaxing},
  journal={Environmental Research Communications},
  volume={1},
  number={11},
  pages={111004},
  year={2019},
  publisher={IOP Publishing}
}

@article{wang2018synthesis,
  title={A synthesis dataset of permafrost-affected soil thermal conditions for Alaska, USA},
  author={Wang, Kang and Jafarov, Elchin and Overeem, Irina and Romanovsky, Vladimir and Schaefer, Kevin and Clow, Gary and Urban, Frank and Cable, William and Piper, Mark and Schwalm, Christopher and Zhang, Tingjun and Kholodov, Alexander and Sousanes, Pamela and Loso, Michael and Hill, Kenneth},
  journal={Earth System Science Data (Online)},
  volume={10},
  number={LA-UR-17-23049},
  year={2018},
  publisher={Los Alamos National Lab.(LANL), Los Alamos, NM (United States)}
}

@article{wang2020sensitivity,
  title={Sensitivity evaluation of the Kudryavtsev permafrost model},
  author={Wang, Kang and Jafarov, Elchin and Overeem, Irina},
  journal={Science of The Total Environment},
  pages={137538},
  year={2020},
  publisher={Elsevier}
}

@article{zheng2019changing,
  title={Changing arctic river dynamics cause localized permafrost thaw},
  author={Zheng, Lei and Overeem, Irina and Wang, Kang and Clow, Gary D},
  journal={Journal of Geophysical Research: Earth Surface},
  volume={124},
  number={9},
  pages={2324--2344},
  year={2019},
  publisher={Wiley Online Library}
}
